@misc{Lant2010,
author = {Lant, Michael},
booktitle = {Software Development, Agile Methods and the Intersection of People Process and Technology},
title = {{How To Make Your Project Not Suck by Using an Agile Project Charter}},
url = {http://michaellant.com/2010/05/18/how-to-make-your-project-not-suck/},
year = {2010}
}

@book{Rubin2012,
author = {Rubin, Kenneth S},
edition = {1st},
isbn = {0137043295, 9780137043293},
publisher = {Addison-Wesley Professional},
title = {{Essential Scrum: A Practical Guide to the Most Popular Agile Process}},
year = {2012}
}

@techreport{,
institution = {U.S. Department of Defense},
pages = {2--7},
title = {{DOD Sample Phase I Proposal}},
url = {http://www.acq.osd.mil/osbp/sbir/sb/resources/sample-proposals.shtml},
year = {2011}
}

@misc{McClure2017,
author = {McClure, Elisabeth and Guernsey, Lisa and Clements, Douglas and Bales, Susan and Nichols, Jennifer and Kendall-Taylor, Nat and Levine, Michael},
institution = {The Joan Ganz Cooney Center at Sesame Workshop},
title =  {{STEM starts early: Grounding science, technology, engineering, and math education in early childhood}},
url = {http://www.joanganzcooneycenter.org/wp-content/uploads/2017/01/jgcc_stemstartsearly_final.pdf},
year = {2017}
}


@misc{Sadler2012,
 author = {Sadler, Philip M. and Sonnert, Gerhard and Hazari, Zahra and Tai, Robert},
 title = {{Stability and volatility of STEM career interest in high school: a gender study}},
 journal = {Science Education},
 volume = {96},
 number = {3},
 year  = {2012},
 pages = {411-427},
 doi = {10.1002/sce.21007},
 url = {https://onlinelibrary.wiley.com/doi/abs/10.1002/sce.21007},
 eprint = {https://onlinelibrary.wiley.com/doi/pdf/10.1002/sce.21007},
}

%https://ieeexplore.ieee.org/abstract/document/4624586/
@article{kroger2008manipulator,
  title={A manipulator plays Jenga},
  author={Kroger, Torsten and Finkemeyer, Bernd and Winkelbach, Simon and Eble, Lars-Oliver and Molkenstruck, Sven and Wahl, Friedrich M},
  journal={IEEE robotics \& automation magazine},
  volume={15},
  number={3},
  pages={79--84},
  year={2008},
  publisher={IEEE}
}

%https://ieeexplore.ieee.org/abstract/document/5354303
@inproceedings{wang2009robot,
  title={Robot {Jenga}: Autonomous and strategic block extraction},
  author={Wang, Jiuguang and Rogers, Philip and Parker, Lonnie and Brooks, Douglas and Stilman, Mike},
  booktitle={Intelligent Robots and Systems, 2009. IROS 2009. IEEE/RSJ International Conference on},
  pages={5248--5253},
  year={2009},
  organization={IEEE}
}

%https://github.com/RexxarCHL/UR5_Plays_Jenga/blob/master/ur5_plays_jenga_final_report.pdf
@inproceedings{lin2018robot,
  title={{UR5 plays JENGA}},
  author={Lin, Chia-Hung},
  pages={1--8},
  year={2018},
  organization={John Hopkins University}
}

%https://ieeexplore.ieee.org/abstract/document/5651753
@inproceedings{kimura2010force,
  title={{Force based manipulation of jenga blocks}},
  author={Kimura, Shinya and Watanabe, Tsutomu and Aiyama, Yasumichi},
  booktitle={Intelligent Robots and Systems (IROS), 2010 IEEE/RSJ International Conference on},
  pages={4287--4292},
  year={2010},
  organization={IEEE}
}